<record><leader>00000cas a2200000 a 4500</leader><controlfield tag="001">13572345</controlfield><controlfield tag="008">860515d187319uutnuwr ne      0    0eng d</controlfield><datafield ind1=" " ind2=" " tag="010"><subfield code="a">sn 86053388 </subfield></datafield><datafield ind1=" " ind2=" " tag="040"><subfield code="a">NPX</subfield><subfield code="b">eng</subfield><subfield code="c">NPX</subfield><subfield code="d">KNP</subfield><subfield code="d">TGN</subfield><subfield code="d">OCL</subfield><subfield code="d">OCLCQ</subfield><subfield code="d">OCLCF</subfield><subfield code="d">OCLCO</subfield></datafield><datafield ind1="1" ind2=" " tag="029"><subfield code="a">AU@</subfield><subfield code="b">000022166918</subfield></datafield><datafield ind1=" " ind2=" " tag="042"><subfield code="a">msc</subfield></datafield><datafield ind1=" " ind2=" " tag="043"><subfield code="a">n-us-tn</subfield></datafield><datafield ind1=" " ind2="4" tag="050"><subfield code="a">AN48.A4</subfield><subfield code="b">C76</subfield></datafield><datafield ind1="0" ind2=" " tag="130"><subfield code="a">Crockett County sentinel (Alamo, Tenn. : 1873)</subfield></datafield><datafield ind1="1" ind2="0" tag="245"><subfield code="a">Crockett County sentinel.</subfield></datafield><datafield ind1=" " ind2=" " tag="260"><subfield code="a">Alamo, Tenn. :</subfield><subfield code="b">Fisher &amp; Elliott,</subfield><subfield code="c">1873-</subfield></datafield><datafield ind1=" " ind2=" " tag="300"><subfield code="a">v.</subfield></datafield><datafield ind1=" " ind2=" " tag="310"><subfield code="a">Weekly</subfield></datafield><datafield ind1="0" ind2=" " tag="362"><subfield code="a">May 3, 1873-</subfield></datafield><datafield ind1=" " ind2=" " tag="500"><subfield code="a">Publishers: Fisher &amp; Elliott, &lt;1873-1876&gt;; J.C.W. Nunn, &lt;1909-1924&gt;; Hiram Henders, &lt;1940&gt;-</subfield></datafield><datafield ind1=" " ind2=" " tag="500"><subfield code="a">Editor: F.B. Fisher, &lt;1873-1876&gt;.</subfield></datafield><datafield ind1=" " ind2=" " tag="500"><subfield code="a">Published in Bells, Tenn., &lt;1895&gt;-</subfield></datafield><datafield ind1=" " ind2=" " tag="580"><subfield code="a">Merged with Tri-county news (Friendship, Tenn.), and: Crockett times, to form: Crockett Co. sentinel, tri-co., news, Crockett times.</subfield></datafield><datafield ind1=" " ind2="0" tag="651"><subfield code="a">Alamo (Tenn.)</subfield><subfield code="v">Newspapers.</subfield></datafield><datafield ind1=" " ind2="0" tag="651"><subfield code="a">Bells (Tenn.)</subfield><subfield code="v">Newspapers.</subfield></datafield><datafield ind1=" " ind2="0" tag="651"><subfield code="a">Crockett County (Tenn.)</subfield><subfield code="v">Newspapers.</subfield></datafield><datafield ind1=" " ind2="7" tag="655"><subfield code="a">Newspapers.</subfield><subfield code="2">fast</subfield><subfield code="0">(OCoLC)fst01423814</subfield></datafield><datafield ind1=" " ind2="7" tag="651"><subfield code="a">Tennessee</subfield><subfield code="z">Alamo.</subfield><subfield code="2">fast</subfield><subfield code="0">(OCoLC)fst01232104</subfield></datafield><datafield ind1=" " ind2="7" tag="651"><subfield code="a">Tennessee</subfield><subfield code="z">Bells.</subfield><subfield code="2">fast</subfield><subfield code="0">(OCoLC)fst01256406</subfield></datafield><datafield ind1=" " ind2="7" tag="651"><subfield code="a">Tennessee</subfield><subfield code="z">Crockett County.</subfield><subfield code="2">fast</subfield><subfield code="0">(OCoLC)fst01213737</subfield></datafield><datafield ind1=" " ind2=" " tag="752"><subfield code="a">United States</subfield><subfield code="b">Tennessee</subfield><subfield code="c">Crockett</subfield><subfield code="d">Alamo.</subfield></datafield><datafield ind1=" " ind2=" " tag="752"><subfield code="a">United States</subfield><subfield code="b">Tennessee</subfield><subfield code="c">Crockett</subfield><subfield code="d">Bells.</subfield></datafield><datafield ind1="1" ind2="7" tag="785"><subfield code="t">Tri-county news (Friendship, Tenn.)</subfield><subfield code="w">(DLC)sn 89058083</subfield></datafield><datafield ind1="1" ind2="7" tag="785"><subfield code="t">Crockett times</subfield><subfield code="w">(DLC)sn 89058004</subfield></datafield><datafield ind1="1" ind2="7" tag="785"><subfield code="t">Crockett Co. sentinel, tri-co. news, Crockett times</subfield><subfield code="w">(DLC)sn 83007966</subfield></datafield></record>